1416 2462
999 2100 129 80 LER.

344 135 448 94 LERNAEA GOBINA.

164 1257 968 62 os in capite ſubtus, trifidum in medio marginis

59 1317 1071 57 poſtici tuberculum ſiſſum, vbi anus; in quibusdam pel¬

57 1372 841 58 Iucet inteſtinum ab ore ad anum deductum.

162 1466 968 52 COLOR corporis albo-coeruleus, ouariorum vero

57 1512 250 69 candidus eſt.

162 1600 968 68 In branchis parui piſcis, quem Groenlandi ITEKIUD¬

57 1661 811 68 lek nominant, ac Cottus Gobio eſſe videtur.

162 1766 966 70 Fig. 3. Delineatio prior Gobinam pronam, poſterior ſu¬

297 1823 624 72 pinam naturali magnitudine profert.

1063 131 57 102 77

264 248 651 80 LERNAEA GOBINA.

129 338 997 78 LERNAEA corpore rhomboidali, brachiis duo¬

55 406 1071 61 bus anticis totidemque poſticis nodoſis, cornihus

57 463 743 58 binis arietinis. Zool d. prodr. 2747.

270 558 618 53 Dan. Sand-ulkens Gielle-orm.

162 652 970 53 CORPVS depreſſum, ſubquadratum, antice in caput

57 705 1071 56 productum; ex hoc vtrinque erigitur cornu introrſum

53 759 1075 49 arcuatum, angulis corporis anticis extrorſum et ſurſum

57 806 1071 57 oblique porriguntur brachia duo diuaricata: poſtice vbi

55 859 1073 56 corpus latius eſt, infra angulos dependent organa bra¬

55 912 1075 52 chiis ſimillima, at introrſum diuaricata et conniuentia,

55 964 1071 53 quae ex ſitu pedes diceres, at alium vſum habere viden¬

57 1019 1073 51 tur; vtraque in diuaricatione nodoſa ſunt. Inter pedes

57 1070 1073 54 a poſtica corporis parte bina filamenta ſpiralia, apice

57 1120 1073 63 acuta, (forte ouaria) in corporis longitudinem proten¬

51 1169 162 59 ſa ſunt.
