1416 2462
638 2072 86 84 E4

1046 2080 101 70 Tab.

260 123 638 82 HOLOTHVRIA PENTACTES

199 244 783 71 HOLOTHVRIA PENTACTES

135 340 991 70 HOLOTHVRIA tentaculis denis corpore

57 395 1067 74 quinquefariamn verrucoſo. Linn. Syſt. 1091. Zool. d.

61 459 267 66 prodr. 2806.

233 545 891 60 Echinus coriaceus ad os fimbriatus. Planc. conch.

320 599 402 61 p.99. t. 6. f. D, E, F.

236 654 835 55 Cucumer marinus. ROND, piſc. 2. C.25. fig.

238 705 650 52 VANDELLI diſſ. p. 87. t. 2. f. 12.

238 757 773 59 Comment. Bonon. s. p. 242. t. 2. f. 1-3.

270 845 682 65 Dan. Fem raded Strand Spröyter.

270 902 499 60 Gall. Concombu de mer.

270 954 378 61 Groenl. Innelualik.

164 1040 968 63 Huius figuram in Islandia ad viuum delineatam,

59 1099 1071 56 LINNAEOque a ſagaciſſimo rerum naturalium indagatore.

61 1155 1071 53 KOENIG olim miſſam, cum plurima cum praecedente

63 1206 1069 55 communia habet, addere, ſuisque ſynonymis in ſyſte¬

63 1259 1071 54 mate Linnaeano neglectis exornare non a re alienum

63 1308 1067 54 credidi. Numero tentaculorum denario, verrucis ge¬

63 1360 1071 55 minatis luteis, quarum quamlibet animal longius, quam

63 1413 1071 58 tentacula extendere poſſe KOENIGIVS in manuſcripto

63 1464 1071 54 narrat, ſpatiisque vacuis ſerie verrucoſa latioribus ſat ab

63 1516 569 53 H. inhaerente differre videtur.

168 1604 968 66 In Oceano Atlantico, qua Groenlandiam, Islandiam

69 1665 844 58 et Portugalliam alluit, ac in mari Adriatico.

174 1754 960 92 Fig. 8. Holothuriam pontactem naturali magnitudine ex¬

316 1823 129 56 primit.

1065 118 47 93 71
