1416 2462
266 133 60 109 74

531 135 513 94 PLANARIA CORNVTA.

1212 2076 105 76 Tab.

357 1549 683 61 Fig. 5. Cornutam naturali magnitudine,

361 1626 790 83 Fig 6 et 7. vero aucta magnitudine exhibent.

369 736 960 70 CORNVA ſeu tentacula bina remota, ſiliformia, in

256 800 1069 61 margine antico, aliquantum recuruata, linea percurrente

258 851 1067 57 fuſca, baſi atomis nigris notata; pone, cornua angulus

258 902 1065 64 acutus ex atomis nigris compoſitus; huius crura retror¬

258 958 1067 65 fum, ſpecfant; anticam corporis partem inter cornua, in-

258 1005 339 57 terdum producit.

363 1089 964 72 CORPVS album ſupra- vaſculis pinnatis rufis, ſub¬

254 1155 1071 67 tus punctulis albis, quaſi ouulis, paſſim inſcriptum, mar¬

258 1210 312 55 go varie flexilis.

359 1306 964 66 In ſinubus littoris Chriſtianſandenſis, inter rupes

256 1362 1065 65 Lynger, et in, ſinu Dröbachienſi; illic quatuor ſpecimi¬

256 1413 556 64 na, hic vnicum ſemel reperi.

472 237 652 85 PLANARIA CORNVTA.

330 336 999 80 PLANARIA plana, oblonga, tentacula ab vtro¬

260 408 827 65 que capitis latere. Zool. d. prodr. 2681.

476 494 488 57 Dan. Horn- Flad-ormen.

367 580 960 70 Animalculum inter congenera corniculis ſuis ſplen¬

262 636 146 67 didum.
