1865 2690
186 248 900 94 EPIGRAMMATA.

1198 277 54 70 19

53 327 1015 78 Iam quas abdiderat cæcis timor ante latebris,

163 399 947 78 Promere quiſ ſuas gaudet & audet opes.

51 466 1019 72 Iam iuuat ô, potuit tot furum ſi qua tot uncas

163 529 923 78 Tam circumſopectas fallere præda manus.

49 594 1097 78 Non iam diuitias ullum eſt (magnum eſſe ſolebat)

159 661 815 74 Quæſitas nullo crimen habere dolo.

47 724 965 74 Non metus occultos inſibilat aure ſuſurros,

154 791 970 78 Nemo quod taceat, quodúe ſuſurret, habet.

44 858 965 74 lam delatores uolupe eſt contemnere, nemo

150 925 772 70 Deferri, niſi qui detulit ante, timet.

42 986 965 83 Conueniunt igitur ſimul ætas, ſexus, & ordo,

152 1055 873 74 Cauſa non ullum continet ulla domi.

44 1118 983 79 Quo minus interſint, dum ſacris rite peractis,

145 1188 882 74 Rex init auſpicijs regna Britanna bonis.

44 1250 999 77 Quacun ingreditur, ſtudio conferta uidendi

152 1318 853 76 Vix ſinit anguſtam turba patere uiam.

40 1380 1070 81 Opplentur domus, & pondere tecta laborant,

152 1445 799 77 Tollitur affectu clamor ubi nouo,

35 1508 1031 85 Nec ſemel eſt uidiſſe ſatis loca plurima mutant,

139 1582 873 74 Si qua rurſus eum parte uidere queant.

38 1640 1066 83 Ter ſpectare iuuat: quid ni hunc ſpectare iuuaret.

139 1714 787 70 Quo natura nihil finxit amabilius?

31 1773 958 83 Mille inter comites excelſior omnibus extat,

134 1842 923 76 Et dignum auguſto corpore robur habet.

31 1898 1138 97 Nec minus ille manu eſt agilis, quàm pectore fortis,

123 1968 761 96 Seu res diſtricto debeat enſe geri.

1092 2015 122 119 Seu

911 2057 85 74 C 2
