1849 2677
591.0 245.0 85.0 67.0 20

750.0 245.0 708.0 67.0 THOMAE MORI

611.0 303.0 985.0 80.0 Seu quum protentis auide concurritur haſtis,

723.0 385.0 922.0 72.0 Seu petat oppoſitum miſſa ſagitta locum.

611.0 446.0 938.0 76.0 Ignea uis oculis, Venus inſidet ore, genis

723.0 510.0 844.0 74.0 Eſt color, in geminis qui ſolet eſſe roſis.

616.0 580.0 920.0 69.0 Illa quidem facies alacri ueneranda uigore

730.0 644.0 797.0 69.0 Eſſe poteſt teneræ uirginis, eſſe uiri.

623.0 702.0 1105.0 76.0 Talis erat. Nympham quum ſe ſimulauit Achilles.

741.0 776.0 918.0 69.0 Talis, ubi Aemonijs Hectora traxit equis.

623.0 836.0 982.0 74.0 O ſi animi præſtans unà cum corpore uirtus

741.0 910.0 810.0 67.0 Cerni, natura non prohibente, queat.

623.0 968.0 875.0 73.0 Imò etiam uultu uirtus pellûcet ab ipſo,

745.0 1039.0 804.0 67.0 Eſt facies animi nuncia aperta boni.

634.0 1099.0 989.0 76.0 Quàm matura graui ſedeat prudentia mente,

745.0 1166.0 858.0 76.0 Quàm non ſolliciti pectoris alta quies,

634.0 1233.0 1076.0 74.0 Quó modo ſortem ferat, & moderetur utran.

748.0 1305.0 792.0 66.0 Quanta uerecundæ cura pudicitiæ,

638.0 1363.0 1121.0 78.0 Quàm tranquilla fouet placidum clementia pectus,

750.0 1429.0 873.0 70.0 Quàm procul ex illo faſtus abeſt animo,

634.0 1494.0 1025.0 74.0 Principis egregius noſtri(quas fingere non eſt)

750.0 1566.0 815.0 62.0 Præſe fert certas uultus & ipſe notas.

638.0 1624.0 1003.0 73.0 At qua iuſtitia eſt regnandi quas habet artes,

754.0 1693.0 889.0 69.0 Proſequitur populum qua pietate ſuum,

645.0 1755.0 893.0 72.0 Hæc facile ex uultu fiunt illuſtria noſtro,

754.0 1822.0 891.0 71.0 Hæc ſunt ex noſtris conſpicienda bonis.

656.0 1891.0 967.0 72.0 Quod ſic afficimur, quod libertate potimur,

770.0 1947.0 956.0 96.0 Quod abiere timor, damna, pericla dolor.

1674.0 1998.0 128.0 105.0 Quod
