1885 2708
279.0 264.0 782.0 74.0 EPIGRAMMATA.

1171.0 1994.0 138.0 125.0 Quæ

1318.0 266.0 68.0 90.0 21

97.0 333.0 1072.0 77.0 Quod rediere ſimul, pax, commoda, gaudia, riſus,

203.0 401.0 758.0 75.0 Eximij uirtus principis inde patet.

97.0 467.0 918.0 70.0 Eneruare bonas immenſa licentia mentes,

209.0 530.0 847.0 79.0 Id etiam in magnis aſſolet ingenijs.

97.0 600.0 961.0 74.0 At quamuis erat ante pius, mores tamen illi

209.0 665.0 766.0 72.0 Imperium dignos attulit imperio.

99.0 728.0 916.0 73.0 Nam bona quæ pauci ſera fecere ſenecta.

209.0 796.0 770.0 72.0 Protinus in primo præſtitit ille die,

99.0 862.0 867.0 74.0 Illico correptos incluſit carcere, quiſquis

214.0 927.0 808.0 72.0 Conſilio regnum læſerat ante malo.

108.0 990.0 964.0 75.0 Qui delator erat, uinclis conſtringitur arctis,

221.0 1056.0 844.0 74.0 Vt mala quæ multis fecerat, ipſe ferat.

103.0 1121.0 946.0 72.0 Ad mercaturas aperit mare:ſi quod ab illis

216.0 1187.0 851.0 81.0 Durius exactum eſt ante, remiſit onus.

103.0 1252.0 958.0 79.0 Deſpectus diu magnatum nobilis ordo,

221.0 1320.0 742.0 74.0 Obtinuit primo priſtina iura die.

106.0 1381.0 921.0 81.0 Ille magiſtratus & munera publica, uendi

223.0 1451.0 937.0 72.0 Quæ ſueuere malis, donat habenda bonis.

110.0 1516.0 799.0 72.0 Et uerſis rerum uicibus feliciter, ante

225.0 1579.0 962.0 79.0 Quæ tulit indoctus præmia, doctus habet.

115.0 1649.0 1054.0 79.0 Legibus antiquam(nam uerſæ euertere regnum

228.0 1710.0 882.0 75.0 Debuerant ) ſubito uiḿ decuś dedit.

117.0 1778.0 991.0 76.0 Omnis cuḿ prius prorſus deſciſceret ordo,

230.0 1841.0 860.0 72.0 Protinus eſt omnis redditus ordo ſibi,

128.0 1900.0 1133.0 92.0 Quid quod in his etiam uoluit reſcindere quædam,

252.0 1974.0 858.0 99.0 Ve populo poſſit commodus eſſe ſuc.

977.0 2049.0 93.0 65.0 c 3
