1879 2697
305.0 278.0 877.0 65.0 EPIGRAMMATA.

1292.0 294.0 58.0 126.0 23

1063.0 2058.0 166.0 83.0 Illa eſt

80.0 346.0 935.0 83.0 Quæ certare ſolet iam tu pars utra ſolus,

186.0 411.0 913.0 83.0 Nobilis hanc litem ſoluit uter parens.

71.0 467.0 1198.0 101.0 Aſt magis abs te etiam eſt populi procul ira, tumultus

184.0 548.0 739.0 76.0 Impia ciuilis quæ ſolet eſſe caput.

71.0 609.0 1030.0 85.0 Ciuibus ipſe tuis tam charus es omnibus unus,

191.0 676.0 737.0 79.0 Vt nemo poſſit charior eſſe ſibi.

69.0 746.0 1016.0 76.0 Quod ſi forte duces committeret ira potentes,

179.0 811.0 744.0 74.0 Soluetur nutu protinus illa tuo.

74.0 869.0 917.0 86.0 Tanta tibi eſt maieſtatis reuerentia ſacræ,

186.0 939.0 816.0 83.0 Virtutes merito quam peperere tuæ.

71.0 1006.0 1097.0 81.0 Quæ tibi ſunt, fuerant patrum quæcun tuorum.

173.0 1074.0 869.0 78.0 Secula priſca quibus nil habuere prius.

60.0 1134.0 967.0 84.0 Eſt tibi nãn tui princeps prudentia patris.

175.0 1202.0 843.0 81.0 Eſt tibi matris dextra benigna tuæ.

58.0 1267.0 966.0 81.0 Eſt tibi mens auiæ, mens relligioſa paternæ.

173.0 1335.0 766.0 74.0 Eſt tibi materni nobile pectus aui.

62.0 1395.0 1082.0 90.0 Quid mirum ergo, nouo ſi gaudeat Anglia more,

170.0 1469.0 931.0 77.0 Cum qualis nunquam rexerat ante, regat?

62.0 1528.0 1066.0 83.0 Quid quod læticia hæc quæ uiſa eſt non potuiſſe

152.0 1600.0 839.0 74.0 Creſcere, coniugio creuit adaucta tuo?

53.0 1660.0 922.0 81.0 Coniugio, ſuperi quod decreuere benigni,

168.0 1732.0 834.0 72.0 Quo tibi, quó tuis conſuluere bene.

51.0 1789.0 852.0 76.0 Illa tibi coniũx, lætus communia tecum

168.0 1860.0 890.0 79.0 Quam uidit populus ſceptra tenere tuus,

51.0 1921.0 1014.0 86.0 Cuius habent tantam cœleſtia numina curam,

164.0 1989.0 872.0 107.0 Vt thalamis ornent, nobilitent tuis.
