1854 2673
599.0 320.0 956.0 83.0 Illa eſt, quæ priſcas uincat pietate Sabinas.

719.0 389.0 753.0 74.0 Maieſtate ſacras uicerit hemitheas

599.0 454.0 849.0 80.0 Illa uel Aceſtes caſtos æquarit amores,

724.0 516.0 902.0 87.0 Vel prompto ſuperet conſilio Tanaquil.

603.0 583.0 936.0 83.0 Illo ore, hoc uultu, forma eſt ſpectabilis illa,

721.0 648.0 899.0 87.0 Quæ talem ac tantam ſola decere poteſt.

606.0 719.0 831.0 78.0 Eloquio fœcunda cui Cornelia cedat,

724.0 781.0 670.0 83.0 In maritali Penelopeia fide.

608.0 848.0 940.0 83.0 Illa tibi princeps multos deuota per annos,

719.0 919.0 794.0 74.0 Sola tui longa manſit amore mora.

610.0 977.0 954.0 85.0 Non illam germana ſoror, nec patria flexit,

724.0 1046.0 853.0 81.0 Non potuit mater, non reuocare pater.

615.0 1109.0 802.0 76.0 Vnum te matri, te prætulit illa ſorori.

735.0 1173.0 800.0 85.0 Te patriæ, & charo prætulit illa patri.

603.0 1242.0 894.0 83.0 Illa tibi felix populos,hinc inde potentes

719.0 1305.0 756.0 80.0 Non diſſoluenda iunxit amicitia.

606.0 1356.0 1156.0 107.0 Regibus orta quidem magnis, nihiló minorum eſt

719.0 1434.0 985.0 87.0 Regum, quàm quibus eſt orta, futura parens.

603.0 1496.0 979.0 85.0 Hactenus una tui nauem tenet ancora regni,

733.0 1561.0 920.0 82.0 Vna, ſat illa quidem firma ſed una tamen.

608.0 1630.0 742.0 85.0 At regina tibi ſexu fœcunda uirili

735.0 1690.0 842.0 85.0 Vndi firmatam perpetuaḿ dabit.

610.0 1755.0 1001.0 93.0 Proueniunt illi magna ex te commoda, rurſus

726.0 1822.0 842.0 89.0 Ex illa ueniunt commoda magna tibi.

617.0 1895.0 878.0 85.0 Non alia ulla fuit certe te digna marito.

728.0 1962.0 751.0 120.0 Illla non alius coniuge dignus erat.

1622.0 2006.0 158.0 87.0 Anglia

726.0 242.0 729.0 85.0 THOMAE MORI

496.0 258.0 83.0 80.0 24
