1885 2703
331.0 304.0 690.0 81.0 EPIGRAMMATA.

1287.0 317.0 65.0 72.0 25

87.0 380.0 995.0 75.0 Anglia thura feras, ſacruḿ potentius omni

205.0 445.0 920.0 77.0 Thure, bonas mentes innocuaś manus.

90.0 511.0 1071.0 76.0 Connubium ut ſuperi hoc, ſicuti fecere, ſecundent,

193.0 583.0 817.0 70.0 Et data cœleſti ſceptra regantur ope.

99.0 641.0 1008.0 79.0 Vt ipſis geſtata diu hæc diademata, tandem

202.0 711.0 787.0 75.0 Et natus nati geſtet, & inde nepos.

81.0 1096.0 956.0 82.0 Dum peterent ſacras rex & regina coronas.

196.0 1171.0 922.0 72.0 Pompa qua nunquam pulchrior ulla fuit.

78.0 1234.0 869.0 72.0 Aureus explicuit late ſe Phœbus, erat

200.0 1304.0 834.0 70.0 Leta dies populi conſona pectoribus.

78.0 1367.0 1047.0 72.0 At ubi iam mediam celebris peruenit in urbem.

198.0 1434.0 956.0 72.0 Tota ſtatim æthereis pompa rigatur aquis.

83.0 1495.0 983.0 77.0 Nulla tamen phœbi ſubduxit lumina nubes,

193.0 1565.0 850.0 70.0 Et minima nimbus perſtetit ille mora.

81.0 1626.0 1077.0 79.0 Res bene contra æſtus cecidit, rem ſiue quis ipſam

200.0 1698.0 859.0 67.0 Spectet, ſiue omen, non potuit melius.

83.0 1754.0 1087.0 81.0 Principibus noſtris uberrima tempora ſpondent.

196.0 1829.0 850.0 74.0 Et Phœbus radijs, & Iouis uxor aquis.

766.0 2108.0 56.0 58.0 d

1057.0 2079.0 223.0 101.0 Ver fugit

153.0 781.0 1042.0 83.0 EIVSDEM, IN SVBITVM IMBREM. QVI IN

227.0 855.0 909.0 59.0 POMPA REGIS AC REGINAE LARGE

315.0 914.0 722.0 65.0 OBORTVS, NEC SOLEM AB¬

426.0 979.0 507.0 66.0 STVLIT, NEC DV¬

570.0 1047.0 201.0 54.0 RAVIT.

87.0 1952.0 1101.0 84.0 Cuncta Plato cecinit tempus quæ proferat ullum.

202.0 2022.0 844.0 84.0 Sæpe fuiſſe olim, ſæpe aliquando fore.

365.0 1903.0 579.0 70.0 EIVSDEM AD REGEM.
