2348 3278
688 311 1449 90 barbarum, Scioli aſpernantur vt triuiale, quicquid obſole

686 393 1443 76 tis verbis non ſcatet, quibuſdam ſolum placent vetera, plæ

686 464 1454 68 riſ tantum ſua. Hic tam tetricus eſt vt non admittat iocos

697 529 1437 69 hic tam inſulſus vt nõ ferat ſales, tam ſimi quidam ſunt, vt

694 598 1438 65 naſum omnem, velut aquam ab rabido morſus cane refor

683 661 1454 73 mident,adeo mobiles alii ſunt vt aliud ſedẽtes probent, ali

688 732 1452 71 ud ſtantes. Hii ſedent ĩ tabernis & inter pocula de ſcripto℟

686 794 1448 77 Iudicant ingeniis magna cum authoritate condemnant

688 865 1446 71 vtcun lubitum eſt, ſuis quen ſcriptis, veluti capilicio

699 931 1433 68 vellicantes, ipſi interim tuti & quod dici ſolet, ἔξω Βέλουσ.

683 997 1451 76 quippe tam leues & abraſi vndi, vt ne pilum quidem habe

683 1065 1449 74 ant boni viri: quo poſſint apprehendi. Sunt præterea qui¬

686 1133 1448 71 dam tam ingrati: vt quum impenſe delectentur opere: nihi

688 1196 1438 68 Io tamen magis ament authorem. Non abſimiles inhuma¬

691 1267 1441 74 nis hoſpitibus, qui quum opipero conuiuio prolixe ſint ex

675 1330 1451 76 cepti: ſaturi demum diſcedunt domum: nullis habitis gra¬

677 1395 1446 71 tiis ei a quo ſunt inuitati. I nunc & hominibus tam delica¬

677 1466 1449 74 ti palati: tam varii guſtus: animi præterea tam memoris &

677 1535 1455 71 grati tuis impenſis epulum inſtrue. Sed tamen mi Petre tu

675 1598 1448 76 illud age quod dixi cum Hythlodeo: poſtea tñ integrum e¬

675 1663 1451 82 rit hac de re conſulere denuo. Quaꝗ̃ ſi id ipſius volupta¬

825 1731 1153 77 te fiat: quandoquidem ſcribendi labore defun/

899 1797 1022 79 ctus: nunc ſerio ſapio: quod reliquum eſt

967 1865 875 79 de ædendo: ſequar amicorum con¬

1025 1931 757 71 ſiliũ: at imprimis tuum. Va

1068 1996 662 80 le dulciſs. Petre Aegidi: cũ

1117 2070 577 71 optima coniuge: ac me

1142 2130 522 79 vt ſoles ama: qñ ego

1178 2204 462 74 te amo etiam plus

1295 2264 211 87 ꝗ̃ ſoleo.

451 519 232 62 Simosvo

453 576 230 57 cat: homi/

451 625 229 57 nes nullo

451 677 133 60 uaſo.

445 926 232 68 Prouer¬

448 980 150 96 bium.

442 1207 235 93 Miracol

448 1278 142 68 latio.

1055 2390 688 101 FINIS
