1647 2361
167 181 1058 80 filio Cicero actionib. in Catilinam, vult in fronte, nedum in ani¬

171 249 1052 57 mo inſcriptum eſſe quibuſcunque ciuibus, vt omnes apertè fa¬

171 295 1054 53 teantur quid bello tam nefario & periculoſo ſentiant. Sed ad alia

167 338 1056 57 feſtinandum, ſi prius monuero, Heſychium dixiſſe, veſpertilio¬

171 385 1049 55 nem impurum hominem, quique in ambiguo ponat ea quæ fi¬

169 428 1049 56 dei ſunt, repræſentare, vt ſunt qui omnibus etiam diſſimillimis

163 472 1055 57 ſectis adhærent , quibus non iniuria ἀπὸ τῶ μαραίνεσθαι inditum

169 517 1047 57 nomen eſt. Pierius lib. 2. Sed perlege ipſius Alciati caput in¬

167 562 1047 61 regrum 16. lib. 9. Parerg. qui locus egregiè tibi Emblema de¬

173 613 122 46 clarat.

218 643 998 65 Veſperequa tantùm volitat, &c.] Veſpertilio, volucre bifor¬

167 696 1045 53 me animal, à veſpere nomen tahens quòd veſperi volitet. de

167 739 1043 57 quo Plin. cap. 61. lib. 10. & cap. 37. lib. 11. Legi alicubi tetra¬

169 783 783 57 ſtichon hoc naturam veſpertilionis exprimens:

289 826 795 59 Vt quadrupes & auis volitat, diſcurrit, & inter

334 877 691 49 Quadrupedes non eſt nec numerandus aues:

297 918 696 53 Lace ſuos nutrit pullos, & non parit ouum:

344 960 586 57 Sunt ala, dentes, labra, pedés duo.

171 1003 1041 57 Aduerte autem illud (Veſpere quæ tantùm volitat) referri ad pri¬

171 1054 1039 57 mum genus hominun quos attigimus, eorum nempè qui infa¬

169 1095 551 52 mes ſunt, & iudicium formidant.

210 1135 996 65 qua lumine luſca eſt. ] Membrum hoc refertur ad caligantes

167 1182 234 59 Philoſophos.

218 1221 986 63 Quecùm alas.] Hæc pars poſteriores reſpicit, nempè ver¬

169 1272 1033 61 ſutos & infidos, qui de ſe poſſunt quod eſt apud Varron. in Aga¬

167 1318 293 61 thone, profiteri:

301 1351 692 67 Quid multa ? factus ſum veſpertilio, neque

342 1404 685 57 In muribus planè, neque in volucribus ſum.

220 1448 797 68 Caligant oculis. ] caliginem inducunt, obſcurant.

1131 1930 59 92 Ira

903 1967 106 100 Q 2

1153 86 67 128 243

547 151 312 61 EMBLEMATA.
