1647 2361
472 47 84 149 240

773 129 478 59 ANDREAE ALCEATI

456 179 1061 57 Sophiſtarum; duos fuiſſe eius nominis tradit, quorum alter

458 228 1059 51 Baxeus eſt cognominatus (vt πυξίνος  Græci nominant, qui ſunt

458 269 1053 57 Iurida cute, & textura rarioris ) quòd admodum pallidus eſſet.

458 316 1057 55 ille enim lucubratione nimia ſanguine laborabat: isque eſt, qui

458 362 1057 53 cognomen habuit Noctuæ. Alter iniurius quidam homo fuit.

460 405 1055 55 impudentiſſimeque momordit, qui etiam Gorgie ſtudium taxa¬

458 450 1057 57 re auſu ſit. At quantum coniicere eſt, id non torqueturia pallo¬

458 497 1059 51 rem qui ex ſtudiis contrahitur? ſed in labes quaſdam corporis,

460 541 1055 53 quæ animi vitia produnt. Qui enim oculos habent ægros, aſſi¬

458 586 1061 53 duisque lucubrationibus propè iam perditos, non ideò ludibrio

460 631 1053 55 ſunt habendi; ſed potius qui veſpertilionis æmulati naturam,

460 678 1059 49 videntur aliquo modo tum vocem, tum vultum humanum

458 720 1059 55 exuiſſe in eo, quòd in luce hominum verſari refugiunt. Ex quo¬

458 765 1061 55 rundam qui non exſtant commentarijs Aelian.refert in 9. Variæ

458 810 1059 53 hiſt. Philetam quendam Coüm fuiſſe adeò macilentum, vt oc¬

458 855 1057 52 caſione etiam leuiſſima ſubuerti poſſet :qui ne à ventis tollere¬

460 901 1059 57 tur, ferreis ſoleis vtebatur. Id tamen figmento ſimilius eſſe quis

460 946 415 51 non videt ad iocandum ?

320 1011 124 71 Mineides

503 983 1012 61 volucri ex Mineide. ] id eſt, veſpertilione. Mineides Thebanæ

456 1032 1061 57 ſorores cùm Liberi patris ſacrificia in contemptum raperent,

458 1082 1061 51 Mineruæ lanificio addicta, ex improuiſo, quadam vi numinis,

456 1123 1057 55 vocibus tibiarum & tympanorum ſono perterritæ: telis. Iuſtru¬

456 1172 1055 51 mentisque ſuis in vites ac hederam repentè commutatis, omniq;

454 1215 1059 56 loco feris repleto, noctu fugientes, in veſpertiliones transfor¬

456 1261 1059 53 matæ ſunt. Ouid. 4. Metamorph. Hinc volucrem Mineidem

454 1304 539 57 pro veſpertilione dixit Alciatus.

491 1345 1018 57 Fulca viro facis. ] Eius quidem rei cauſſam referre non teme¬

450 1394 1057 54 rè poſſumus ad lucernarum fuliginem, qua lucuibrátes inficiun¬

452 1440 1057 65 tur. Quintilian. vndecimi cap. 3. Et vigilandæ noctes, & fuligo

454 1485 415 98 lucubrationum bibenda.

1393 1572 116 59 Aliud
