1647 2361
507 137 311 61 EMBLEMATA.

1123 78 80 130 241

1200 899 134 59 Mala no

1206 950 71 53 mina.

147 324 1045 85 VESPERE qua tantùm volitat, qua lumine luſca est,

198 393 789 63 Qua cùm alas gesſet, cætera muris habet;

137 448 937 59 Adres diuerſas trahitur: mala nomina primùm

188 501 789 61 Signat, quæ latitant, iudicium timent.

143 552 899 65 nde & Philoſophos, qui dum cæleſtia quærunt,

198 609 689 71 Caligant oculis, falſa ſola vident.

147 666 1004 63 Tandem & verſutos, cùm clam ſectentur utrumque,

194 722 764 61 Acquirunt neutra qui ſibi parte fidem.

228 775 968 61 Vanquam veſpertilionis nomen ad multa traduci poſ¬

226 828 970 51 ſit, ſpeciatim tamen triplici hominum generi accom¬

141 871 1059 53 modat Alciatus. Primò veſpertiliones ij appellantnr, qui ob ma¬

141 916 1049 48 lam famam, vel aliquam capitis diminutionem, domi ſe conti¬

147 960 1047 53 nent, neque in medium prodire audent: hi quidem lucifugæ à

143 1007 1051 49 Seneca & Apuleio appellati: vel qui grauati ære alienio noctu tã¬

141 1046 1051 55 tùm prodeunt, ne à creditoribus offendantur. & in ius quoquo

137 1091 1059 48 modo vocentur. Deinde conuertitur id nominis in quoſdam ri¬

139 1135 1061 55 gidos Philoſophiæ ſatellites, qui omninò cæcuriunt, dum ea

141 1182 1053 53 quæ ſunt abſtruſa prorſus atque abdita, ſcrutantur, ac rerun cæ¬

137 1227 1051 51 lesſtium naturam conquirunt, quæ à nobis longeè remotæ, neque

143 1272 1051 52 oculis intueri, neque tági mianu, neque percipi ſenſibus poſſunt;

141 1314 1051 51 & tamen ſic de his diſputare auſi ſunt, vt quæ aſſeruerunt, pro¬

141 1357 1051 53 bata certaque videri velint. At profectò longé ſecus habendum

143 1404 1051 49 nobis eſt. Illi enim dum contradicendi ſtudio inſaniunt, dum

141 1446 1051 57 etiam quæ falſa proferunt, arctè & accuratè defendunt, aliorum¬

143 1495 1051 49 que argumenta, quanquam vera, refutant audaciùs, non tantùm

141 1536 1049 51 illis elapſa veritas eſt, quam ſe quærere ſimulant, ſed & ipſi eam

133 1579 1059 52 potiſſimùm ſuo vitio perdunt. Socrates cùm eſſet omnium Phi¬

141 1623 1051 55 loſophorum vel Apollinis oraculo ſapientiſſimus iudicatus, ta¬

143 1672 1049 47 men vt cæterorum argueret ignorantiam: dicebat ſe duntaxat

141 1711 1049 53 hoc vnum ſcire, quòd nihil ſciret. Videbat enim oculatiſſimus

139 1755 1051 53 ille veritatis indagator, Philoſophiam illam humanam nihil in

139 1800 1049 53 ſe habere certi, nihil veri; nec (vt plerique cenſent ) doctrinam

139 1843 1049 55 ipſam diſſimulauit, vt alios refelleret, ſed quadam ex parte veri¬

139 1888 1047 51 tatem nouit: humanam enim ſapientiam nullam eſſe faſſus eſt,

141 1934 1049 49 adeoque quam Philoſophi ſcientiam profitebantur, quæ tum

141 1975 1047 69 maximè verſabatur in ſiderum inſpectione, contempſit, deriſit,

867 2030 36 53 Q

1048 2020 140 61 abiecit.

572 196 148 85 Aliud.

470 277 409 57 EMBLEMA LXII.

1202 1160 126 65 Philoſopho

1198 1200 57 47 cæci.
