1647 2361
446 104 95 77 242

444 147 1073 69 abiecit Teritò & poſtremò nomen hoc traducitur in callidos &

452 212 1063 57 verſipelles ancipitis fidei homines, qui nec huius ordinis ſunt

446 255 1071 61 nec illius, cum vtroque tamen colludunt, & plerũque tanta dex¬

446 304 1071 56 teritate res agunt ſuat, vt cum vtraque parte communicandi ius

448 346 1067 57 habere videantur, & vtramque ( vni collibuerit ) connuiciis pro¬

442 389 1073 61 ſcindere, & ridere: cumque aliud temporis exiget occaſio, ean¬

448 436 1071 57 dem probabunt & extollent, Genus hominum certè vt verſatile

448 482 1069 59 & infidum, ſic deteſtã dum maximè & exſecrandum. Quid enim

446 529 1071 57 cum illis agas, qui neque ſidem neque mentem habent ſibi cõ¬

446 572 1073 55 ſtantem? Non dubium eſt, quin alios, cum quibus verſantur, fal¬

446 613 1071 61 lant, cùm ſeſe ipſi priùs fefellerint. Si enim veritatis eſſent ali¬

448 661 1069 59 qua tandem parte ſtudioſi, darent operam profectò, vt ſocieta¬

448 704 1067 61 tem cum melioribus & ſapientibus inirent, iisque adhærerent,

442 751 1075 57 contrarios verò fugerent, & ſeriò, non perfunctoriè aut oſci¬

446 796 1071 59 tanter, & quaſi aliud agentes aduerſarentur. Sed quid lucri, aut

450 844 1061 57 præmij denique ? nimirùm quòd mendaces atqne impoſtores,

448 887 1067 55 quibus non credatur, etiamſi vera dixerint: ſed & illud adiicitur.

446 928 1069 59 quòd vtrique parti ſuſpecti & odioſi apud omnes turpiſſima in¬

444 975 1071 55 famiæ labe aſperguntur. Vtrinque enim proditorum habentur

446 1023 1069 53 loco, quibuſque neutra pars ex animo fauere poſſit, quo fit', vt

446 1062 1067 61 qui factionis vtriuſque ſibi contrariæ conuictores & aſſeclæ vo¬

446 1113 1067 47 luerint haberi, non raró ab vtraque conficiantur & atterantur,

450 1152 1063 58 vt Metius Suffetius Albanorum dux, ancipitis & dubiæ fidei ho¬

448 1198 1061 59 mo, ruptor Albani, Romanique fœderis; cuius alio loco memi¬

450 1245 1063 53 ni: vt fuerunt in bello Italico Senenſes: in quo cùm ſe medios

454 1292 1061 49 gererent in neutram partium inclinatos, ſedato tandem belle à

448 1331 1063 56 diuiſis militibus confoſſi ſunt. vnde feſtiuè dixit quidam magni

446 1377 1065 59 nominis Princeps, Senenſibus idem accidiſſe, quod iis ſolet, qui

446 1424 1061 57 mediam domus partem incolunt, vt fumo ab inferioribus, pul¬

448 1471 1061 51 uere antẽ & ſtrepitu vexentur ab iis qui ſupernas partes teneant.

448 1513 1059 53 Sapienteritaque à Solone ſancitum eſt, vt qui in ciuili diſcordia

446 1554 1057 59 & populi diſceſſione duas in partes, non vni aut alteri ſe adiun¬

442 1597 1059 59 xiſſet, ſed ſolitarius, neuterque à communi malo ciuitatis ſeceſ.

444 1646 1061 53 ſiſſet, is domo, patria, fortuníſque omnibus priuaretur, & exul

444 1690 1063 55 extorrisque eſſet; quod non inflammandæ aut augendæ diſcor¬

444 1735 1059 55 diæ, ſed compeſcendæ potius, aut etiam extinguendæ gratia de¬

444 1780 1061 51 cretum eſt. Idẽ Phauorinus Philoſophus inter frattes & amicos

444 1823 1063 57 diſſidentes faciendum eſſe cenſebat, vt qui eſſent in medio partis

446 1871 1061 51 vtrivſque beneuoli, ſi in concordia amittenda parum auctorita¬

440 1912 1063 55 tis quaſi amici ambigui habuiſſent, tum alter in alteram partem

442 1957 1064 91 diſcederet, vt hac via concordiam vtriuſque inſtaurarent. Eo cõ¬

1412 2002 85 63 filio

765 116 490 57 ANDREAE ALCIATI

310 204 126 81 verſipel¬

312 263 52 63 les.

308 1477 101 87 Solonis

310 1554 63 49 lex.
