1647 2361
755 94 484 65 ANDREAE ALCIATI

1363 1939 146 85 Ex pace

452 147 1063 61 res; ipſi, quique Repuibl. clauum tenebant iis temporibus, in iis

454 198 1061 53 quae parta erant, conſeruandis citiùs elaboraſſent, quàm alienas

454 242 1061 57 tanto impetu & ardore animi prouincias inuaſiſſent, vel in ex¬

454 283 726 59 teros, aut etiam ſeipſos ferrum ſtrinxiſſent.

493 328 1018 61 atque fauos grata mella gerit. ] Sic ex pacé vbertas, quod di¬

450 379 1063 55 cet in ſequenti, vt colligas omnium fructuum prouentum ex

454 421 954 55 pace, contrà ex bello vaſtitatem omnem & calamitatem.

456 468 1057 57 Quò pertinet etymologia Grammaticorum, qui πόλεμον, quaſi

452 509 1057 63 ἀπὸ τῦ τὰς πόλεις, ἤ τὺς πολλοὺς, ἢ ὀλλύειν, quod ciuitates,

450 556 834 55 multoſque homines concutiatm perdat, labefactet.

458 602 1047 57 fas ſit tunc ſmere bellum &c. ] Cicero. Offic. Suſcipienda

458 649 1045 55 bella ſunt, vt in pace ſine iniuria viuatur. & Vegetius lib. 3. cap.

452 739 1055 55 milites imbuat diligenter. Ad hæc ſcripſit Ariſt. τοτοῦ πολέμου τέ¬

446 783 1059 55 λος εἰρήνιω εἶναι. Cicero. 8. Philipp. Nec ego pacem nolo, ſed

448 830 1063 53 pacis nomine bellum in uolutum reformido. Quare ſi pace frui

452 877 1055 51 volumus, bellum gerendum eſt: ſo bellum ammitemus, pace nun¬

458 692 1047 61 1. Qui deſiderat pacem, præparat bellum: qui victoriam cupit,

450 922 1061 51 quam fruemur. Caſſiod. lib. 3. Variar. epiſt. 1. Tunc vtile ſolum

450 966 1057 51 eſt ad arma concurrere, cùm locum apud aduerſarium iuſtitia

452 1011 1055 51 non poteſt inuenire. D Auguſtinus Epiſt. 1. ad Bonifac. in ca.

454 1058 1053 49 Noli exiſtimare. c. 23. q. 1. Pacem habere voluntatis eſt: bellum

446 1101 1059 51 autem debet eſſe neceſſitatis, vt liberet Deus à neceſſitate, & cõ¬

448 1149 1057 49 ſeruet in pace. Non enim pax quæritur vt bellum exerceatur,

446 1190 1055 53 ſed bellun geritur vt pax acquiratur. Eſto ergo bellando pacifi¬

448 1239 1061 49 cus, vt eos quos expugnas, ad pacis vnitatem vincendo perducas.

450 1280 1057 55 Idem can. Apud veros.ead.c. & q. Apud veros Dei cultores, in-

442 1328 1059 51 quit, etiam ipſa bella pacata ſunt: quæ non cupiditate aut crude.

446 1373 1061 49 litare, ſed pacis ſtudio geruntur, vt mali coërceantur, & boni

444 1414 1063 53 ſubleuentur. Ariſtot. Politic. 7. cap. 9. ait neceſſe eſſe arma domi

444 1463 1065 50 neceſſatio poſita in armentatio ijs qui Reipub. præſunt. tun pro¬

444 1505 1061 57 pter eos qui detrectant imperium, tum propter exteros qui in¬

442 1550 1063 53 iuriam conantur inferre. Reperio & apud Cornel. Tacitum, læ¬

444 1595 1063 51 tiorem fuiſſe Tiberium imperatorem, quia pacem ſapientia fir¬

444 1638 1063 56 mauiſſet, quàm ſi bellum per acies confeciſſet. Addam hoc po¬

444 1686 1061 51 ſtremò, dignũ certè memoria exemplum: Victruuius cap. 7. lib.

442 1729 1063 55 2. aut veteres Hetruſcos quò ciuibus ſuis perſuaderent, arma in¬

442 1774 1061 55 ueniſſe, vt ijs aduerſus hoſtes, non ad ciuilem diſcordiam vteren¬

438 1819 1069 57 tur, qui aedem Marris ad campum, & extra vrbem non, vt alirũ

440 1867 614 67 Deorum, intra mœnia conſecrarunt.

456 21 91 134 612

322 613 124 48 Quando

308 653 138 39 bella ſuſ¬

308 692 138 55 cipienda.
