1647 2361
582 139 317 55 EMBLEMATA.

1180 143 75 87 609

1245 1534 116 57 Bacchyli¬

1237 1583 138 42 dis Lyrici

1235 1621 118 43 venuſtus

1231 1660 87 47 locus.

1257 306 114 54 Signa ve,

1261 354 98 43 dempta

1263 391 69 55 pacu.

198 182 931 73 Arma procul iaceant: fas ſit tunc ſumere bellum,

257 243 762 73 Quando aliter pacis non potes arte frui.

265 310 986 65 Iuſdem materiæ diuerſa & contraria poſſunt eſſe inſtrumẽ¬

196 365 1055 54 ta vt cùm ex gaela, enſe, vel ægide militari conflantur

194 411 1055 51 falces aut ligones agricolis idoncei, quilbus etiam pacis tempus in¬

198 456 1057 59 telligitur: quod κατὰ πρωσωποπείαν de falce ex enſe Martialis.

198 499 431 53 exprimit in Apophoreris:

279 539 718 57 Pax me certa ducis placidos curuauit in uſus:

371 592 587 49 Agricola nunc ſum, militis antè fui.

192 631 732 53 At Virgil. bellum ſignificans, ait Georeg. 1.

303 676 706 57 Et curua rigidum falces curuantur in enſem.

196 716 368 57 Ouid. item Faſtor. 2.

303 763 739 59 Plus erat in gladio, quàm curuo laudis aratro.

196 808 337 55 Idemque alio loco:

305 851 649 57 Bella diu tenuere uiros: erat aptior enſis

367 901 579 51 Vomere: cedebat taurus arato equo.

299 940 651 59 Sarcula ceſſabant, verſi in pila ligones,

373 989 565 55 Facta de raſtri pondere caſſis erat.

194 1023 573 65 Et deinde pacem, his ſequentibus:

373 1080 585 49 Pax ades, & toto mitis in orbe mane.

297 1119 783 57 Dum deſunt hoſtes, deſit quoque cauſſa triumphi:

367 1168 571 51 Tum ducibus bello gloria maior erit.

303 1210 745 57 Sola gerat miles, quibus arma coërceat arma;

383 1257 581 53 Canterur fera nil niſi pompa tuba.

192 1294 1053 67 Claudianus de bello Getico huc reſpexit , ſigna partæ pacis

188 1345 207 55 memorans:

303 1387 696 57 Non ian delectus miſeri, nec falce per agros

303 1438 692 49 Depoſita, iaculum vibrams ignobile meſſor:

303 1481 694 51 Non tentat clypeum proiectis ſumere raſtris.

190 1520 1049 59 Occurrit & illud Bacchylidis Lyrici Poëtæ, ex Stobæo & Plu¬

192 1572 144 47 tarcho:

299 1601 525 65 Τίκτα δὲ θνατοῖσι εἰρήνα μεγάλα

303 1656 806 57 πλοῦτον: Pax magna hominibus affert diuitias.

190 1697 337 58 Et deinde ſequitur;

186 1963 1053 75 At in reuinctis ferro clypeis nigrorum araneorum telæ ſont, ha¬

950 2030 26 49 q

1099 2020 140 61 itasque
