1647 2361
177 149 1062 71 ſua auctoritate tale aliquid committatur. Notũm eſt illud Africa¬

179 210 1056 53 ni Scipionis, turpe eſſe in re militari dicere, Non putaram, quòd

177 255 1056 53 inemendabilis error ſit, qui violentia Martis committitur. Fa¬

179 301 1054 53 cillimum eſt eni arma ſumere, at eadem ſumpta deponere,

179 344 1052 55 non æquè facile; Nec verò vt inficias iuerim belli principium

181 389 1050 55 penes Principes eſſe, ſic exitus ſanè à diuina prouidentia pendê-

181 436 1048 51 re certò dixerim. Quòd ſi quiſque, vt decet, per ſe conijceret.

181 478 1052 55 quàm interſit leui de cauſſa bellum mouere agnoſceret quàm

183 525 1052 49 periculoſus ſit Principum ludus, quibus tam parui eſt momenti

181 568 1052 47 clades & ſtrages populi multitudine innumerabilis, ruina, vaſti¬

181 613 1052 52 tasque: ſed & indigna locorum permultorum vaſtitas, ſolitudo,

183 657 1048 53 conflagratio: Valeant itaque quibus tam placet belli fortuna.

183 702 1050 51 cuiuis etiam vel proſperè geſti euentus ipſum pœnitere Princi¬

184 745 1047 53 pem decet, ſi modò vel minimùm ſapiat, aut niſi ab humanita¬

186 792 1053 50 te prorſus abhorreat. Addam etiam & illud ( quòd inteſtina hæc

184 834 1049 55 & plus quàm ciuilia bella Gallica nobis tam ſepè tamque diu bi¬

183 881 1054 49 Iem moueant ) nullum regnum, nec vllam Remp. diu manere

183 924 1054 51 incolumem potuiſſe, quæ arma crebrò mouerit: Meminerint

186 971 1053 48 quibus dulce bellum eſt, quoties in extremum diſcrimen vene¬

184 1015 1055 49 rint Athenienſes quondam feliciſſimi & potẽtiſſimi, tot tantis¬

186 1054 1053 53 que bellis attriti, & poſtmodùm deleti, quoruim nempè ciuitas à

188 1103 1053 49 Perſis incendio perdita, à Laconibus aſſectà ſæpiſſimè, ac mœ¬

184 1147 1059 51 nibus ipſis exuta, à Philippo Alexandri patre fatigata, ab altero

186 1190 1059 53 Phillipo afflicta, à Rege Ponti Mithridate cædibus & cruore

183 1233 1058 59 infecta, à Sylla propemodum concuſſa & dirruta. Quid Lacedæ¬

184 1278 1055 55 monij? quamquam diu ſatis floruiſſe viſi ſunt, idem tamen, quod

184 1326 1055 53 aliæ florentiſſimæ monarchiæ, & oligarchiæ, ſunt experti: qua¬

184 1369 1053 49 rum quidem exitiũ non ab externis, ſed certè inteſtinis potiſſi¬

190 1414 1051 53 mùm odiis atque diſſidiis eſt profectum. Nihil illa inclyta Ro¬

190 1459 603 52 ma clarius aut admirabilius, vt quæ

308 1503 666 53 Imperium terris, animos aquauit olympo.

184 1544 1053 55 cuius tamen quantò aliis gloria & præcellens dignitas emi¬

186 1591 1057 53 nentior fuit, tantò ruina caſusque grauior & periculoſior. Si

190 1634 1051 54 verò tanti imperij labefactati cauſſam inueſtigemus, bellorum

184 1676 1055 57 aleaæ acceptũ eſſe refeŕenũ citra negotiũ iudicabimus. Ea enim

186 1721 1053 55 Romana ciuitas primùm à Porſena obſeſſa, à Pyrrho territa, ab

190 1768 1049 53 Annibale identidẽ concuſſa, à Tatio capta à Brenno expugnata,

183 1812 1052 55 & Gallis incenſa: denique viribus ipſa ſuis miſerê proſtrata, & pe¬

192 1855 1055 59 nitus fracta, quid poſteris Gothis aut Vandalis reliqui habuit,

190 1900 1059 55 quod Iabefactandum aut concutiendum daret? Porrò credibile

192 1947 1057 77 eſt tantum imperium tam citò non fuiſſe lapſurum, ſi primo¬

979 1993 48 76 q 2

1180 2000 63 97 8res

515 102 319 71 EMBLEMATA.

1149 23 82 142 611

1249 501 110 71 Principũ

1247 564 132 47 ludus pe¬

1247 605 118 50 riculoſus.

1251 853 116 63 Atheniẽ¬

1251 907 122 43 ſium bella

1251 946 102 53 exitioſa.

1251 1231 108 65 Laceda¬

1251 1290 108 40 monioniẽ

1247 1324 110 43 bella in¬

1247 1357 101 57 teſtuna.

1249 1544 126 45 Romano¬

1251 1583 130 53 rum bella

1253 1676 130 37 Breuis ca-

1253 1709 90 40 talogus

1251 1743 122 45 bellorum

1253 1782 124 41 Romano¬

1253 1817 73 54 rum.
