1025 1550
285 157 416 57 AMICE LECTOR.

317 232 458 43 Uicunque hæç ocule dignaré Emblema¬

320 267 451 41 ra, duo monendus es. Primum, ut nôris,

319 300 455 42 ea alieno potiùs arbitrio, afflectu forſan

316 335 455 42 hamano nimiùm hæc talia æſtimantis.

200 369 575 43 quàm eorum, qui invenerunt, operâ, ſic æri inciſa

200 406 574 37 prodire in publicum, upote quæ paucis ſeptimani de¬

199 436 572 43 properata, & rudi duntaxat peniçillo commiſſa,

199 470 576 40 Sacris Theophoriæ Feriis oculis paucorum exhibita

197 503 577 43 ſunt. Alterum eſt, ne expectes, ita rigidas ſemper

199 538 575 39 leges Emblematum ſeruari, ut non ſubinde ſymbo¬

196 570 578 42 lica, vel hieroglyphica miſceantur, aut quod aliun¬

195 604 579 41 de affine Emblemati, veritatem latentem ſub ima¬

197 638 577 42 gine proponit. Æquum enim cenſetur Poëtarum

195 669 579 49 ingeniis, novorum aſſiduâ inventione fatigatis, la¬

195 706 577 43 tiorem alìquantò fingendi campum aperiri, neque

196 738 578 42 ſemper in anguſto Heliconis catadromo decurrere

195 772 579 44 Pegaſum, quo minùs, carcere laxato, effundatur in

195 806 579 43 Circum apertiorem. Scandant alii, quibus vena

195 838 577 45 ſpiritùs que Divinior, ſublimes illas rupes, & evo¬

195 873 574 47 lent in Cælum, nos æquore plano contenti ſumus.

195 904 509 57 Boni igitur iſta, quisquis es, conſule, & vale.

683 1061 88 52 DEO
